@dataset{dataset,
  author       = {Hahner, Sebastian},
  title        = {Data Set: Architecture-Based and Uncertainty-Aware Confidentiality Analysis},
  year         = 2024,
  publisher    = {Zenodo},
  doi          = {10.5281/zenodo.14796551},
  note         = {doi: 10.5281/zenodo.14796551}
}

@misc{OWASPTop10,
	title={OWASP Top 10:2021}, 
	url={https://owasp.org/Top10/}, 
	author={{OWASP Foundation}},
	year= {2021},
	note={accessed 05/11/2022}
}

@misc{PSUM,
	title = {Precise Semantics for Uncertainty Modeling ({PSUM}), Version 1.0 Beta 2},
	author = {{Object Management Group}},
	date = {2024},
  url={https://www.omg.org/spec/PSUM/1.0/Beta2/PDF}
}

@misc{CVSS, 
	title={{CVSS} v4.0 Specification Document}, 
	author = {{FIRST}},
	url={https://www.first.org/cvss/v4.0/specification-document}, 
	note={accessed 07/03/2024}
} 

@misc{GitHub2024, 
	title={GitHub.com Documentation}, 
	url={https://docs.github.com/}, 
	journal={GitHub Docs}, 
	author={{GitHub}}, 
	year={2024},
	note={accessed 04/29/2024} 
}

